<record><leader>00000cas a2200000 a 4500</leader><controlfield tag="001">10658113</controlfield><controlfield tag="008">840424d1832183udcuwr ne      0    0eng d</controlfield><datafield ind1=" " ind2=" " tag="010"><subfield code="a">sn 84026756 </subfield></datafield><datafield ind1=" " ind2=" " tag="040"><subfield code="a">NPU</subfield><subfield code="b">eng</subfield><subfield code="c">NPU</subfield><subfield code="d">NPX</subfield><subfield code="d">KNP</subfield><subfield code="d">DLC</subfield><subfield code="d">KNP</subfield><subfield code="d">CNK</subfield><subfield code="d">MGN</subfield><subfield code="d">NVK</subfield><subfield code="d">OCL</subfield><subfield code="d">OCLCF</subfield><subfield code="d">OCLCO</subfield></datafield><datafield ind1=" " ind2=" " tag="042"><subfield code="a">msc</subfield></datafield><datafield ind1="0" ind2="0" tag="050"><subfield code="a">Newspaper 7285-X</subfield></datafield><datafield ind1="0" ind2=" " tag="130"><subfield code="a">Extra globe (Washington, D.C. : 1832)</subfield></datafield><datafield ind1="0" ind2="0" tag="245"><subfield code="a">Extra globe.</subfield></datafield><datafield ind1=" " ind2=" " tag="260"><subfield code="a">Washington, D.C. :</subfield><subfield code="b">F.P. Blair,</subfield><subfield code="c">1832-</subfield></datafield><datafield ind1=" " ind2=" " tag="300"><subfield code="a">1 v. ;</subfield><subfield code="c">52 cm.</subfield></datafield><datafield ind1=" " ind2=" " tag="310"><subfield code="a">Weekly</subfield></datafield><datafield ind1="0" ind2=" " tag="362"><subfield code="a">No. 1 (May 10, 1832)-</subfield></datafield><datafield ind1=" " ind2=" " tag="500"><subfield code="a">"Campaign paper to support the reelection of Gen. Jackson".</subfield></datafield><datafield ind1=" " ind2=" " tag="530"><subfield code="a">Available on microfilm from Library of Congress Photoduplication Service.</subfield></datafield><datafield ind1=" " ind2=" " tag="580"><subfield code="a">Campaign ed. of: Globe (Washington, D.C. : Daily); Globe (Washington, D.C. : Semiweekly); Globe (Washington, D.C. : Weekly).</subfield></datafield><datafield ind1="1" ind2="0" tag="600"><subfield code="a">Jackson, Andrew.</subfield></datafield><datafield ind1=" " ind2="0" tag="651"><subfield code="a">Washington (D.C.)</subfield><subfield code="v">Newspapers.</subfield></datafield><datafield ind1=" " ind2="7" tag="655"><subfield code="a">Newspapers.</subfield><subfield code="2">fast</subfield><subfield code="0">(OCoLC)fst01423814</subfield></datafield><datafield ind1="1" ind2="7" tag="600"><subfield code="a">Jackson, Andrew.</subfield><subfield code="2">fast</subfield><subfield code="0">(OCoLC)fst00358871</subfield></datafield><datafield ind1=" " ind2="7" tag="651"><subfield code="a">Washington (D.C.)</subfield><subfield code="2">fast</subfield><subfield code="0">(OCoLC)fst01204505</subfield></datafield><datafield ind1=" " ind2=" " tag="752"><subfield code="a">United States</subfield><subfield code="b">District of Columbia</subfield><subfield code="d">Washington.</subfield></datafield><datafield ind1="1" ind2=" " tag="775"><subfield code="t">Globe (Washington, D.C. : Daily)</subfield><subfield code="w">(DLC)sn 82014043</subfield></datafield><datafield ind1="1" ind2=" " tag="775"><subfield code="t">Globe (Washington, D.C. : Semiweekly)</subfield><subfield code="w">(DLC)sn 82014042</subfield></datafield><datafield ind1="1" ind2=" " tag="775"><subfield code="t">Globe (Washington, D.C. : Weekly)</subfield><subfield code="w">(DLC)sn 82014041</subfield></datafield><datafield ind1="0" ind2="8" tag="776"><subfield code="i">Online version:</subfield><subfield code="t">Extra globe (Washington, D.C. : 1832)</subfield><subfield code="w">(OCoLC)780978533</subfield></datafield><datafield ind1=" " ind2=" " tag="936"><subfield code="a">No. 30 (Feb. 28, 1833) LIC</subfield></datafield></record>